@article{zacharykclub,
  title={An information flow model for conflict and fission in small groups},
  author={Zachary, Wayne W},
  journal={Journal of anthropological research},
  year={1977}
}

@article{girnewman,
  title={Community Structure in social and biological networks},
  author={Girvan, Michelle and Newman, M. E. J.},
  journal={arXiv:cond-mat/0112110},
  year={2001}
}

 @misc{gconnect,
   author = "Wikipedia",
   title = "Connected component (graph theory) --- Wikipedia{,} The Free Encyclopedia",
   year = "2015",
   url = "\url{https://en.wikipedia.org/w/index.php?title=Connected_component_(graph_theory)&oldid=679860911}",
   note = "[Online; accessed 3-March-2016]"
 }
 
 @misc{igraph,
   author = "many see authors file",
   title = "igraph: Network Analysis and Visualization",
   version = "1.0.1",
   year = "2015",
   url = "\url{https://cran.r-project.org/web/packages/igraph/index.html}"
 }