@ONLINE{py:numpy,
    author      = "Numpy Developers.",
    title       = "Python numpy Module",
    month       = March,
    year        = 2016,
    howpublished = "\url{http://www.numpy.org/}",
}