@misc{md5
,key = "md5"
,title = "4.3. md5\-MD5 message digest algorithm"
,howpublished = "https://docs.python.org/2/library/md5.htmls"
}

@misc{requests
,key = "requests"
,title = "Requests: HTTP for Humans"
,howpublished = "https://docs.python.org/2/library/md5.htmls"
}

@misc{futures
,key = "futures"
,title = "futures 3.0.5"
,howpublished = "https://pypi.python.org/pypi/futures"
}

@misc{beautifulsoup
,key = "beautifulsoup"
,title = "Beautiful Soup Documentation"
,howpublished = "http://www.crummy.com/software/BeautifulSoup/bs4/doc/"
}

@misc{wordcount
,key = "wordcount"
,title = "Trying to count words in a string"
,howpublished = "http://stackoverflow.com/questions/17507876/trying-to-count-words-in-a-string-python"
}

@misc{pickle
,key = "pickle"
,title = "11.1. pickle - Python object serialization"
,howpublished = "11.1. pickle - Python object serialization"
}

@misc{pagerank
,key = "pagerank"
,title = "Check PAGE RANK of Web site pages Instantly"
,howpublished = "http://www.prchecker.info/check\_page\_rank.php"
}

@misc{package
,key = "package"
,title = "Package Kendall"
,howpublished = "http://cran.r-project.org/web/packages/Kendall/Kendall.pdf"
}

@misc{kendall
,key = "kendall"
,title = "The size of the World Wide Web (The Internet)"
,howpublished = "http://en.wikipedia.org/wiki/Kendall\_tau\_rank\_correlation\_coefficient\#Tau-b"
}
