@ONLINE{xml,
    author      = "tutorialspoint",
    title       = "Python XML Processing",
    month       = Feb,
    year        = 2016,
    howpublished = "\url{http://www.tutorialspoint.com/python/python\_xml\_processing.htm}",
}
@ONLINE{graphML,
    author      = "GraphML Team",
    title       = "The GraphML File Format",
    month       = Jun,
    year        = 2015,
    howpublished = "\url{http://graphml.graphdrawing.org/}",
}
@ONLINE{api,
    author      = "Twitter, Inc",
    title       = "Twitter API: Overview",
    month       = Feb,
    year        = 2016,
    howpublished = "\url{https://dev.twitter.com/overview/api}",
}
@ONLINE{followinglist,
    author      = "Twitter, Inc",
    title       = "Twitter API: GET following/List",
    month       = Feb,
    year        = 2016,
    howpublished = "\url{https://dev.twitter.com/rest/reference/get/following/list/}",
}

@ONLINE{linkedin,
    author      = "Stack Exchange Inc",
    title       = "How to use linkedin API with python",
    month       = Jul,
    year        = 2013,
    howpublished = "\url{http://stackoverflow.com/questions/17600244/how-to-use-linkedin-api-with-python}",
}

@ONLINE{oauth2,
    author      = "LinkedIn Corporation",
    title       = "Authenticating with OAuth 2.0",
    month       = Feb,
    year        = 2016,
    howpublished = "\url{https://developer.linkedin.com/docs/oauth2}",
}

@ONLINE{friendlist,
    author      = "Twitter, Inc",
    title       = "Twitter API: GET Friends/List",
    month       = Feb,
    year        = 2016,
    howpublished = "\url{https://dev.twitter.com/rest/reference/get/friends/list/}",
}

@ONLINE{rscript,
    author      = "tutorialspoint",
    title       = "R - Mean, Median \& Mode",
    month       = Feb,
    year        = 2016,
    howpublished = "\url{http://www.tutorialspoint.com/r/r\_mean\_median\_mode.htm}",
}
