@Misc{pygraphml,
author = {Hadrien Mary},
  title = {PyGraphML},
  url = {http://hadim.fr/pygraphml/index.html},
  howpublished = {https://github.com/lowks/pygraphml},
  version = {2.0}
}
