@ONLINE{atom,
    author      = "Internet Engineering Task Force (IETF).",
    title       = "RFC-4287 The Atom Syndication Format",
    year        = 2005,
    howpublished = "\url{https://tools.ietf.org/html/rfc4287}",
}