@book{linuxBible,
    author      = "Richard Blum and Christine Bresnahan",
    title       = "Linux Command Line and Shell Scripting Bible, 3rd Edition",
    publisher="Willey",
    edition 	= 3,
    month       = jan,
    year        = 2015,
}

@online{wwwsize,
    author      = "Maurice de Kunder",
    title       = "World Wide Web Size: Daily Estimated Size of the World Wide Web",
    month       = feb,
    year        = 2016,
    howpublished = "\url{http://www.worldwidewebsize.com}",
}

@online{sigdig,
    author      = "Fossum",
    title       = "Significant Figure Rules for Logarithms",
    month       = jan,
    year        = 2011,
    howpublished = "\url{http://www.laney.edu/wp/cheli-fossum/files/2011/01/Significant-Figure-Rules-for-los.pdf}",
}

@misc{ wiki:kendall,
   author = "Wikipedia",
   title = "Kendall rank correlation coefficient --- Wikipedia{,} The Free Encyclopedia",
   year = "2016",
   url = "\url{https://en.wikipedia.org/w/index.php?title=Kendall_rank_correlation_coefficient&oldid=703547112}",
   note = "[Online; accessed 14-February-2016]"
}

@online{ktausr,
    author      = {Statistical{\ }Research},
    title       = {Kendall's Tau},
    month       = sep,
    year        = 2012,
    howpublished = "\url{http://statistical-research.com/wp-content/uploads/2012/09/kendall-tau1.pdf}",
}


@online{taubr,
    author      = {r-tutor},
    title       = {Significance Test for Kendall's Tau-b},
    howpublished = "\url{http://www.r-tutor.com/gpu-computing/correlation/kendall-tau-b}",
}

@online{taurc,
    author      = {r-tutor},
    title       = {Kendall Rank Coefficient},
    howpublished = "\url{http://www.r-tutor.com/gpu-computing/correlation/kendall-rank-coefficient}",
}

