@ONLINE{atom,
    author      = "Internet Engineering Task Force (IETF).",
    title       = "RFC-4287 The Atom Syndication Format",
    month       = April,
    year        = 2016,
    howpublished = "\url{https://tools.ietf.org/htmlrfc4287}",
}
@ONLINE{pci,
    author      = "Toby Segaran.",
    title       = "Programming Collective Intelligence. Oâ€™Reilly, first edition,",
    month       = August,
    year        = 2007,
}