@ONLINE{wzach77,
    author      = "Wayne W. Zachary",
    title       = "An Information Flow Model for Conflict and Fission in Small Groups",
    year        = 1977, 
}
@ONLINE{forful62,
    author      = "L. R. Ford, Jr. and D. R. Fulkerson",
    title       = "Flows in Networks",
    year        = 1962,
}
@ONLINE{py:pickle,
    author      = "The Python Software Foundation",
    title       = "Python Pickle Module",
    month       = Feb,
    year        = 2016,
    howpublished = "\url{https://docs.python.org/2/library/pickle.html}",
}
@ONLINE{girnew04,
    author      = "M. E. J. Newman and M. Girvan.",
    title       = "Finding and Evaluating Community Structure in Network. 69",
	year        = 2004,
}
@ONLINE{new06,
    author      = "M. E. J. Newman",
    title       = "Finding and Evaluating Community Structure in Networks Using the Eigenvectors of Matrices. 74",
    year        = 2006,
}